@article{cordawhitepaper,
    author = {{Richard Gendal Brown, James Carlyle, Ian Grigg, Mike Hearn}},
    title = {Corda: An Introduction},
    year = {2016},
    url = "https://docs.corda.net/_static/corda-introductory-whitepaper.pdf"
}

@techreport{dltworldbank,
    author = {{Harish Natarajan, Solvej Krause, Helen Gradstein}},
    title = {Distributed Ledger Technology (DLT) and Blockchain},
    year = {2017},
    institution = {International Bank for Reconstruction and Development / the World Bank},
    url = "http://documents.worldbank.org/curated/en/177911513714062215/pdf/122140-WP-PUBLIC-Distributed-Ledger-Technology-and-Blockchain-Fintech-Notes.pdf"
}

@article{bitcoinpaper,
    author = {{Satoshi Nakamoto}},
    title = {Bitcoin: A Peer-to-Peer Electronic Cash System},
    year = {2008},
    url = "https://bitcoin.org/bitcoin.pdf"
}

@report{multifundssurvey,
    author= {{Keith Hale, Sern Tham}},
    title = {A Turning Point for the Global Asset Management Industry - The Multifonds Every Fund Survey 2017},
    year = {2017}
}

@online{chaincompany,
  author = {Chain},
  title = {Sequence},
  url = {https://chain.com/}
}

@online{ripplecompany,
  author = {ripple},
  title = {RippleNet},
  url = {https://ripple.com/}
}

@online{abracompany,
  author = {ABRA},
  title = {Abra},
  url = {https://www.abra.com/}
}

@online{bitpesacompany,
  author = {BitPesa},
  title = {BitPesa},
  url = {https://www.bitpesa.co/}
}

@online{shocardcompany,
  author = {ShoCard},
  title = {ShoCard},
  url = {https://shocard.com/}
}

@article{ukgovdltpaper,
    author = {{Dave Birch}},
    institution = {UK Government Office for Science},
    year = {2016},
    title = {Distributed
Ledger Technology: beyond block chain},
}

@online{eresidency,
  author = {{Estonian Government}},
  title = {E-Residency},
  url = {https://e-resident.gov.ee/}
}

@report{greenwitchdltreport,
  author = {{Greenwitch Associates}},
  title = {Addressing the Latest Trends in Distributed Ledger Technologies},
  url = {https://www.greenwich.com/corporate-banking/addressing-latest-trends-distributed-ledger-technologies}
  }

@report{ibmdltreport,
  author = {{Dr Ian Hunt, Chris Mills}},
  title = {Distributed Ledger Technology â€“ An Emerging Consensus on the Buy-Side},
  url = {https://www.ibm.com/industries/uk-en/banking/pdf/Distributed_Ledger_Technology.pdf}
}

@report{hedgefundcryptoreport,
  author = {{Hedge Fund Alert}},
  title = {Bitcoin Rise Ignites Crypto Fund Explosion},
  url = {https://www.hfalert.com/search.pl?ARTICLE=175427}
  }

@report{bankofenglandreport,
  author = {{Evangelos Benos, Rodney Garratt, Pedro Gurrola-Perez}},
  title = {The Economics of Distributed Ledger Technology for Securities Settlement},
  year = {2017}
  }

@paper{ethereumwhitepaper,
  author = {{Vitalik Buterin, Gavin Wood, Joseph Lubin}},
  title = {Ethereum White Paper},
  year = {2015},
  url={https://github.com/ethereum/wiki/wiki/White-Paper}
  }