@misc{cordawhitepaper,
    author = {{Richard Gendal Brown, James Carlyle, Ian Grigg, Mike Hearn}},
    title = {Corda: An Introduction},
    year = {2016},
}